
@article{baum2004cultural,
title = {Cultural evolution in laboratory microsocieties including traditions of rule giving and rule following},
volume = {25},
doi = {10.1016/j.evolhumbehav.2004.05.003},
number = {5},
journal = {Evolution and Human Behavior},
author = {Baum, William M. and Richerson, Peter J. and Efferson, Charles M. and Paciotti, Brian M.},
year = {2004},
pages = {305--326},
}



@book{bowles2006microeconomics,
title = {Microeconomics: {Behavior}, {Institutions}, and {Evolution}},
publisher = {Princeton University Press},
author = {Bowles, S.},
year = {2006},
}


@book{boyd1985culture,
address = {Chicago},
title = {Culture and the evolutionary process},
isbn = {0-226-06931-1},
publisher = {University of Chicago Press},
author = {Boyd, Robert and Richerson, Peter J.},
year = {1985}
}


@article{caldwell2008studying,
title = {Studying cumulative cultural evolution in the laboratory},
volume = {363},
doi = {10.1098/rstb.2008.0133},
number = {1509},
journal = {Philosophical Transactions of the Royal Society B: Biological Sciences},
author = {Caldwell, Christine A and Millen, Ailsa E},
year = {2008},
pages = {3529--3539},
}



@incollection{campbell1965variation,
title = {Variation and selective retention in socio-cultural evolution},
booktitle = {Social {Change} in {Developing} {Areas}: {A} {Reinterpretation} of {Evolutionary} {Theory}},
publisher = {Schenkman},
author = {Campbell, D.T.},
editor = {Barringer, H.R. and Blanksten, G.I. and Mack, R.W.},
year = {1965},
pages = {19--49},
}


@book{cavallisforza1981cultural,
address = {Princeton, N.J.},
series = {Monographs in population biology. 16},
title = {Cultural transmission and evolution : a quantitative approach},
publisher = {Princeton University Press},
author = {Cavalli-Sforza, L. L. and Feldman, Marcus W.},
year = {1981},
}


@article{chudek2011prestige,
title = {Prestige-biased cultural learning: bystander's differential attention to potential models influences children's learning},
volume = {33},
number = {1},
journal = {Evolution and Human Behavior},
author = {Chudek, Maciej and Heller, Sarah and Birch, Susan and Henrich, Joseph},
year = {2012},
pages = {46--56},
}


@article{coulson2008dynamics,
title = {The dynamics of a quantitative trait in an age-structured population living in a variable environment},
volume = {172},
number = {5},
journal = {The American Naturalist},
author = {Coulson, T. and Tuljapurkar, S.},
year = {2008},
pages = {599--612},
}


@book{dawkins2006selfish,
title = {The {Selfish} {Gene}},
publisher = {Oxford University Press},
author = {Dawkins, R.},
year = {2006},
}


@book{durham1992coevolution,
title = {Coevolution: {Genes}, culture, and human diversity},
publisher = {Stanford Univ Pr},
author = {Durham, W.H.},
year = {1992},
}


@article{efferson2008conformists,
title = {Conformists and mavericks: the empirics of frequency-dependent cultural transmission},
volume = {29},
doi = {10.1016/j.evolhumbehav.2007.08.003},
number = {1},
journal = {Evolution and Human Behavior},
author = {Efferson, C and Lalive, R and Richerson, P and Mcelreath, R and Lubell, M},
year = {2008},
pages = {56--64},
}


@article{efferson2007learning,
title = {Learning, productivity, and noise: an experimental study of cultural transmission on the {Bolivian} {Altiplano}},
volume = {28},
doi = {10.1016/j.evolhumbehav.2006.05.005},
number = {1},
journal = {Evolution and Human Behavior},
author = {Efferson, Charles and Richerson, Peter J. and McElreath, Richard and Lubell, Mark and Edsten, Ed and Waring, Timothy M. and Paciotti, Brian and Baum, William},
year = {2007},
pages = {11--17},
}



@article{eriksson2009people,
title = {Are people really conformist-biased? {An} empirical test and a new mathematical model},
volume = {7},
number = {1},
journal = {Journal of Evolutionary Psychology},
author = {Eriksson, K. and Coultas, J.C.},
year = {2009},
pages = {5--21},
}



@article{gravlee2009methods,
title = {Methods for collecting panel data: {What} can cultural anthropology learn from other disciplines?},
volume = {65},
number = {3},
journal = {Journal of Anthropological Research},
author = {Gravlee, C.C. and Kennedy, D.P. and Godoy, R. and Leonard, W.R.},
year = {2009},
pages = {453--483},
}


@article{henrich2008five,
title = {Five misunderstandings about cultural evolution},
volume = {19},
doi = {DOI 10.1007/s12110-008-9037-1},
number = {2},
journal = {Human Nature-an Interdisciplinary Biosocial Perspective},
author = {Henrich, J. and Boyd, R. and Richerson, P. J.},
year = {2008},
pages = {119--137},
}


@article{henrich2011nature,
title = {On the nature of cultural transmission networks: evidence from {Fijian} villages for adaptive learning biases},
volume = {366},
doi = {10.1098/rstb.2010.0323},
number = {1567},
journal = {Philosophical Transactions of the Royal Society B: Biological Sciences},
author = {Henrich, Joseph and Broesch, James},
year = {2011},
pages = {1139--1148},
}

@article{henrich2010weirdest,
  title={The weirdest people in the world?},
  author={Henrich, Joseph and Heine, Steven J and Norenzayan, Ara},
  journal={Behavioral and brain sciences},
  volume={33},
  number={2-3},
  pages={61--83},
  year={2010},
  publisher={Cambridge University Press}
}

@article{henrich2010evolution,
title = {The evolution of cultural adaptations: {Fijian} food taboos protect against dangerous marine toxins},
volume = {277},
doi = {10.1098/rspb.2010.1191},
number = {1701},
journal = {Proceedings of the Royal Society B: Biological Sciences},
author = {Henrich, Joseph and Henrich, Natalie},
year = {2010},
pages = {3715--3724},
}


@article{hout2001demographic,
title = {The {Demographic} {Imperative} in {Religious} {Change} in the {United} {States1}},
volume = {107},
number = {2},
journal = {American Journal of Sociology},
author = {Hout, M. and Greeley, A. and Wilde, M.J.},
year = {2001},
pages = {468--500},
}


@book{lumsden2005genes,
address = {Cambridge},
title = {Genes, {Mind} and {Culture}: the coevolutionary process},
publisher = {Harvard University Press},
author = {Lumsden, Charles J. and Wilson, Edward O.},
year = {1981},
}



@article{mcelreath2004social,
title = {Social {Learning} and the {Maintenance} of {Cultural} {Variation}: {An} {Evolutionary} {Model} and {Data} from {East} {Africa}},
volume = {106},
doi = {10.1525/aa.2004.106.2.308},
number = {2},
journal = {American Anthropologist},
author = {Mcelreath, Richard},
year = {2004},
pages = {308--321}
}


@article{mcelreath2008beyond,
title = {Beyond existence and aiming outside the laboratory: estimating frequency-dependent and pay-off-biased social learning strategies},
volume = {363},
doi = {10.1098/rstb.2008.0131},
number = {1509},
journal = {Philosophical Transactions of the Royal Society B: Biological Sciences},
author = {McElreath, Richard and Bell, Adrian V and Efferson, Charles and Lubell, Mark and Richerson, Peter J and Waring, Timothy},
year = {2008},
pages = {3515--3528},
}


@article{mcelreath2005applying,
title = {Applying evolutionary models to the laboratory study of social learning},
volume = {26},
doi = {10.1016/j.evolhumbehav.2005.04.003},
number = {6},
journal = {Evolution and Human Behavior},
author = {McElreath, Richard and Lubell, Mark and Richerson, Peter J. and Waring, Timothy M. and Baum, William and Edsten, Edward and Efferson, Charles and Paciotti, Brian},
year = {2005},
pages = {483--508},
}




@article{mesoudi2008cultural,
title = {The cultural transmission of {Great} {Basin} projectile-point technology {I}: an experimental simulation},
volume = {73},
number = {1},
journal = {American Antiquity},
author = {Mesoudi, A. and O'Brien, M. J.},
year = {2008},
pages = {3--28},
}


@article{michel2011quantitative,
title = {Quantitative {Analysis} of {Culture} {Using} {Millions} of {Digitized} {Books}},
volume = {331},
doi = {10.1126/science.1199644},
number = {6014},
journal = {Science},
author = {Michel, J.-B. and Shen, Y. K. and Aiden, A. P. and Veres, A. and Gray, M. K. and {The Google Books Team} and Pickett, J. P. and Hoiberg, D. and Clancy, D. and Norvig, P. and Orwant, J. and Pinker, S. and Nowak, M. A. and Aiden, E. L.},
year = {2011},
pages = {176--182},
}


@article{ozgul2009dynamics,
title = {The {Dynamics} of {Phenotypic} {Change} and the {Shrinking} {Sheep} of {St}. {Kilda}},
volume = {325},
doi = {10.1126/science.1173668},
number = {5939},
journal = {Science},
author = {Ozgul, Arpat and Tuljapurkar, Shripad and Benton, Tim G. and Pemberton, Josephine M. and Clutton-Brock, Tim H. and Coulson, Tim},
year = {2009},
pages = {464--467},
}


@article{paciotti2003ultimatum,
title = {The ultimatum game among sympatric ethnic groups in southwestern {Tanzania}: ethnic variation and institutional scope},
volume = {44},
journal = {Current Anthropology},
author = {Paciotti, B. and Hadley, C.},
year = {2003},
pages = {427--432},
}



@article{price1970selection,
  title={Selection and covariance},
  author={Price, George R},
  journal={Nature},
  volume={227},
  pages={520--521},
  year={1970},
  publisher={Lond.}
}



@article{rendell2011copying,
title = {How copying affects the amount, evenness and persistence of cultural knowledge: insights from the social learning strategies tournament},
volume = {366},
number = {1567},
journal = {Philosophical Transactions of the Royal Society B: Biological Sciences},
author = {Rendell, L. and Boyd, R. and Enquist, M. and Feldman, M.W. and Fogarty, L. and Laland, K.N.},
year = {2011},
pages = {1118--1128},
}


@book{rice2004evolutionary,
title = {Evolutionary theory: mathematical and conceptual foundations},
publisher = {Sinauer Associates Sunderland},
author = {Rice, S.H.},
year = {2004},
}


@book{richerson2005not,
address = {Chicago},
title = {Not by genes alone : how culture transformed human evolution},
isbn = {0226712842 (hardcover alk. paper)},
publisher = {University of Chicago Press},
author = {Richerson, Peter J. and Boyd, Robert},
year = {2005},
}


@book{stark1996rise,
title = {The {Rise} of {Christianity}: {A} {Sociologist} {Reconsiders} {History}},
publisher = {Princeton University Press},
author = {Stark, R.},
year = {1996},
}
